<record><leader>01024cam a2200277 a 4500</leader><controlfield tag="001">1371655</controlfield><controlfield tag="008">910423s1985    nr                p eng d</controlfield><datafield ind1=" " ind2=" " tag="010"><subfield code="a">   86463673</subfield></datafield><datafield ind1=" " ind2=" " tag="020"><subfield code="a">9781545364</subfield><subfield code="z">0195756584 (outside Nigeria)</subfield></datafield><datafield ind1=" " ind2=" " tag="035"><subfield code="a">ocm17173788</subfield></datafield><datafield ind1=" " ind2=" " tag="040"><subfield code="b">eng</subfield></datafield><datafield ind1=" " ind2=" " tag="049"><subfield code="a">AEU</subfield><subfield code="b">eng</subfield></datafield><datafield ind1="0" ind2=" " tag="050"><subfield code="a">MLCS 86/13051 (P)</subfield></datafield><datafield ind1="0" ind2=" " tag="090"><subfield code="a">PR 9387.6 N532 1985</subfield></datafield><datafield ind1="0" ind2="0" tag="245"><subfield code="a">New Nigerian verse :</subfield><subfield code="b">a three crowns anthology /</subfield><subfield code="c">introduction by Lawrence Akeh-Osu.</subfield></datafield><datafield ind1=" " ind2=" " tag="260"><subfield code="a">Ibadan, Nigeria :</subfield><subfield code="b">University Press,</subfield><subfield code="c">1985.</subfield></datafield><datafield ind1=" " ind2=" " tag="300"><subfield code="a">ix, 70 p. ;</subfield><subfield code="c">18 cm.</subfield></datafield><datafield ind1=" " ind2=" " tag="336"><subfield code="a">text</subfield><subfield code="b">txt</subfield><subfield code="2">rdacontent</subfield></datafield><datafield ind1=" " ind2=" " tag="337"><subfield code="a">unmediated</subfield><subfield code="b">n</subfield><subfield code="2">rdamedia</subfield></datafield><datafield ind1=" " ind2=" " tag="338"><subfield code="a">volume</subfield><subfield code="b">nc</subfield><subfield code="2">rdacarrier</subfield></datafield><datafield ind1="0" ind2=" " tag="490"><subfield code="a">Three crowns book</subfield></datafield><datafield ind1=" " ind2=" " tag="590"><subfield code="a">University of Alberta copy in the Professor William H. New Commonwealth Literature Collection.</subfield></datafield><datafield ind1=" " ind2=" " tag="596"><subfield code="a">38</subfield></datafield><datafield ind1=" " ind2="0" tag="650"><subfield code="a">Nigerian poetry (English)</subfield><subfield code="y">20th century.</subfield></datafield><datafield ind1="1" ind2=" " tag="700"><subfield code="a">Akeh-Osu, Lawrence.</subfield></datafield><datafield ind1=" " ind2=" " tag="926"><subfield code="a">PR 9387.6 N532 1985</subfield><subfield code="w">LC</subfield><subfield code="c">1</subfield><subfield code="i">0162029606686</subfield><subfield code="l">ON_SHELF</subfield><subfield code="m">UABARD</subfield><subfield code="p">$150.00</subfield><subfield code="r">Y</subfield><subfield code="s">Y</subfield><subfield code="t">BOOK</subfield><subfield code="u">5/31/2011</subfield><subfield code="o">.STAFF. A0068054</subfield></datafield></record>